<?xml version="1.0" encoding="UTF-8"?><collection xmlns="http://www.loc.gov/MARC21/slim"><record><leader>00496nam--2200169-i-4500</leader><controlfield tag="001">000013734</controlfield><controlfield tag="002">20161230</controlfield><controlfield tag="005">20170221234638</controlfield><controlfield tag="008">060222s1000------------r-----000-0-eng-d</controlfield><datafield ind1=" " ind2=" " tag="080"><subfield code="a">539.12.172:539.231(04)</subfield></datafield><datafield ind1=" " ind2=" " tag="245"><subfield code="a">Computer controlled back scattering and sputte ring-expriment using a heavy ion-accelerator</subfield></datafield><datafield ind1=" " ind2=" " tag="260"><subfield code="a">Berlin</subfield><subfield code="b">Hahn-Meitner. Institut Fur Kernforschung</subfield><subfield code="c">1978</subfield></datafield><datafield ind1=" " ind2=" " tag="300"><subfield code="a">64 p</subfield></datafield><datafield ind1=" " ind2=" " tag="490"><subfield code="a">311</subfield></datafield><datafield ind1=" " ind2=" " tag="700"><subfield code="a">Birnbaum, M</subfield></datafield><datafield ind1=" " ind2=" " tag="852"><subfield code="a">14430</subfield></datafield><datafield ind1=" " ind2=" " tag="CAT"><subfield code="a">SYS</subfield><subfield code="c">20170221</subfield><subfield code="h">234638</subfield></datafield></record></collection>